<?xml version="1.0" encoding="UTF-8"?><collection xmlns="http://www.loc.gov/MARC21/slim"><record><leader>00368nam--2200145-i-4500</leader><controlfield tag="001">000037913</controlfield><controlfield tag="002">20161230</controlfield><controlfield tag="005">20170113001359</controlfield><controlfield tag="008">060222s1000------------r-----000-0-eng-d</controlfield><datafield ind1=" " ind2=" " tag="245"><subfield code="a">Rasini fenolice</subfield></datafield><datafield ind1=" " ind2=" " tag="260"><subfield code="a">[Bucuresti]</subfield><subfield code="c">1951</subfield></datafield><datafield ind1=" " ind2=" " tag="300"><subfield code="a">80 f</subfield></datafield><datafield ind1=" " ind2=" " tag="490"><subfield code="a">(Com.De Stat Pt.Tehnica, I.D.T.) Uz Intern [Litografiat]</subfield></datafield><datafield ind1=" " ind2=" " tag="852"><subfield code="a">1336</subfield></datafield><datafield ind1=" " ind2=" " tag="CAT"><subfield code="a">SYS</subfield><subfield code="c">20170113</subfield><subfield code="h">001359</subfield></datafield></record></collection>